@book{Gonzalez,
 author = {Gonzalez, Rafael C. and Woods, Richard E.},
 title = {Digital Image Processing (3rd Edition)},
 year = {2006},
 isbn = {013168728X},
 publisher = {Prentice-Hall, Inc.},
 address = {Upper Saddle River, NJ, USA},
}

@book{nenr,
    author = {Čupić, M. and Dalbelo, Bašić, B. and Golub, M.},
    title = {Neizrazito, evolucijsko i neuroračunarstvo},
    publisher = {Fakultet elektrotehnike i računarstva},
    year = {2013},
    note = {Skripta na predmetu \emph{Neizrazito, evolucijsko i neuro računarstvo}},
    url = {http://java.zemris.fer.hr/nastava/nenr}
}

@book{umjnm,
 author = {Čupić, M. and Dalbelo, Bašić, B. and Šnajder, J.},
 title = {Umjetne neuronske mreže},
  publisher = {Fakultet elektrotehnike i računarstva},
 year = {2008},
}

@book{umjint,
    author = {Čupić, M.},
    title = {Umjetna inteligencija - Umjetne neuronske mreže},
    publisher = {Fakultet elektrotehnike i računarstva},
    year = {2016},
    note = {Skripta na predmetu \emph{Umjetna inteligencija}},
    url = {http://ferko.fer.hr/ui/ann-20160912.pdf}
}

 @misc{grayscaleAlg,
   author = {Helland, T.},
   title = {Seven grayscale conversion algorithms},
   year = {2011},
   url = {http://www.tannerhelland.com/3643/grayscale-image-algorithm-vb6},
   note = {Pristupano: 28.05.2016}
 }

@misc{grayscaleImg,
   author = {Butler, A.},
   title = {Colorful images},
   year = {2016},
   url = {http://www.outlookindia.com/topic/holi/101808},
   note = {Pristupano: 11.06.2016, preuzeta slika}
 }
 
 @misc{wikiNeuron,
   author = {Wikipedia},
   title = {Neuron},
   year = {2016},
   url = {https://en.wikipedia.org/wiki/Neuron},
   note = {Pristupano: 11.06.2016, preuzeta slika}
 }
 
 @misc{ITUgrayscale,
   title = {Parameter values for the \emph{HDTV} standards for production and international programme exchange},
   author = {ITU},
   year = {2015},
   url = {https://www.itu.int/dms_pubrec/itu-r/rec/bt/R-REC-BT.709-6-201506-I!!PDF-E.pdf},
   note = {Pristupano: 28.05.2016}
 }
 
 @article{1979:ots,
  added-at = {2010-11-26T17:22:24.000+0100},
  author = {Otsu, Nobuyuki},
  biburl = {http://www.bibsonomy.org/bibtex/2f29e34c187c486d74a0e7d8330c3af78/lysander07},
  booktitle = {N/A},
  citeulike-article-id = {2917492},
  citeulike-linkout-0 = {http://dx.doi.org/10.1109/TSMC.1979.4310076},
  citeulike-linkout-1 = {http://ieeexplore.ieee.org/xpls/abs\_all.jsp?arnumber=4310076},
  description = {CiteULike: A Threshold Selection Method from Gray-Level Histograms},
  doi = {10.1109/TSMC.1979.4310076},
  interhash = {dfc0090899e03f4462da2a2522dee640},
  intrahash = {f29e34c187c486d74a0e7d8330c3af78},
  journal = {IEEE Transactions on Systems, Man and Cybernetics},
  keywords = {analysis image},
  number = 1,
  pages = {62--66},
  posted-at = {2009-02-01 09:40:51},
  priority = {0},
  timestamp = {2010-11-26T17:22:24.000+0100},
  title = {{A} {T}hreshold {S}election {M}ethod from {G}ray-Level {H}istograms},
  url = {http://dx.doi.org/10.1109/TSMC.1979.4310076},
  volume = 9,
  year = 1979
}

@article{Zhang-Suen,
 author = {Zhang, T. Y. and Suen, C. Y.},
 title = {A Fast Parallel Algorithm for Thinning Digital Patterns},
 journal = {Commun. ACM},
 issue_date = {March 1984},
 volume = {27},
 number = {3},
 month = mar,
 year = {1984},
 issn = {0001-0782},
 pages = {236--239},
 numpages = {4},
 url = {http://doi.acm.org/10.1145/357994.358023},
 doi = {10.1145/357994.358023},
 acmid = {358023},
 publisher = {ACM},
 address = {New York, NY, USA},
 keywords = {parallel algorithm, skeletonization, thinning of digital patterns},
} 

@article{diagonal2011,
  title={Diagonal based feature extraction for handwritten alphabets recognition system using neural network},
  author={Pradeep, J and Srinivasan, E and Himavathi, S},
  journal={arXiv preprint arXiv:1103.0365},
  year={2011}
}